@inproceedings{vocano,
	title={{VOCANO}: A Note Transcription Framework For Singing Voice In Polyphonic Music},
	author={Hsu, Jui-Yang and Su, Li},
	booktitle={Proc. International Society of Music Information Retrieval Conference (ISMIR)},
	year={2021}
}

@inproceedings{Mora2010,
	title={Characterization and melodic similarity of a cappella ﬂamenco cantes},
	author={J. Mora and F. Gómez and E. Gómez and F. Escobar-Borrego and J. M. Díaz-Báñez},
	booktitle={ISMIR},
	page={351-356},
	year={2010}
}

@article{Bonada2013,
author = {E. Gómez and J. Bonada},
year = {2013},
month = {},
pages = {73–90},
title = {Towards computer-assisted flamenco transcription: An experimental comparison of automatic transcription algorithms as applied to a cappella singing},
volume = {37(2)},
journal = {Computer Music Journal},
doi = {10.1162/neco.1997.9.8.1735}
}

@inproceedings{meseguer2019dali,
  title={Dali: A large dataset of synchronized audio, lyrics and notes, automatically created using teacher-student machine learning paradigm},
  author={Meseguer-Brocal, Gabriel and Cohen-Hadria, Alice and Peeters, Geoffroy},
  journal={arXiv preprint arXiv:1906.10606},
  year={2019}
}
